@article{desk1997electronic,
  title={Electronic warfare and radar systems engineering handbook},
  author={Desk, EW Class},
  year={1997}
}

@article{nukiyama1934film,
  title={Film boiling water on thin wires},
  author={Nukiyama, S},
  journal={Society of Mechanical Engineering},
  volume={37},
  year={1934}
}

@misc{tfc,
      journal = {Global Digital Central},
      title = "{Global Digital Central, Thermal-Fluids Central}",
      year = 2015,
      month = {accessed in May},
      day = {3},
      howpublished = "\url{www.thermalfluidscentral.org}"
}

@misc{tfsadc, 
      author = {{Global Digital Central}},
      title  = {Thermal-Fluids Central},
      url    = "www.thermalfluidscentral.org",
      month  = "October",
      year   = "2012",
      urldate={2016-10-17},
}

@book{IRCAM,
    	title = {The Ultimate Infrared Handbook for RD Professionals},
    	year = 2012,
    	publisher = {FLIR Systems Inc},
}
@book{bergman2011fundamentals,
  title={Fundamentals of heat and mass transfer},
  author={Bergman, Theodore L and Incropera, Frank P and DeWitt, David P and Lavine, Adrienne S},
  year={2011},
  publisher={John Wiley \& Sons}
}

@article{sielaff,
  title={Experimental Investigation of Single Bubbles and Bubble Interactions in Nucleate Boiling},
  author={Sielaff, Axel},
  year={2014},
  publisher={TU Darmstadt}
}

@article{blackbody,
  title={Blackbody and other calibration sources},
  author={Hartmann, J{\"u}rgen and Hollandt, J{\"o}rg and Khlevnoy, Boris and Morozova, Svetlana and Ogarev, Sergey and Sakuma, Fumihiro},
  journal={Experimental Methods in the Physical Sciences},
  volume={42},
  pages={241--295},
  year={2009},
  publisher={Elsevier}
}

@article{young1805essay,
  title={An essay on the cohesion of fluids},
  author={Young, Thomas},
  journal={Philosophical Transactions of the Royal Society of London},
  volume={95},
  pages={65--87},
  year={1805},
  publisher={JSTOR}
}

@book{DeWitt1988,
author = {DeWitt, D. P. and Nutter, Gene D.},
publisher = {John Wiley {\&} Sons, Inc.},
title = {{Theory and Practice of Radiation Thermometry}},
year = {1988}
}

@misc{kato2011durable,
  title={Durable automotive windshield coating and the use thereof},
  author={Kato, Masahiro and Tanaka, Akinori and Sasagawa, Masahiro and Adachi, Hiromitsu},
  year={2011},
  month=oct # "~25",
  publisher={Google Patents},
  note={US Patent 8,043,421}
}

@article{Wetsby1992,
author = {Wetsby, M. F.},
journal = {Technical Memorandum},
year={1992},
title = {Heat Transfer Measurements using Infra-Red Thermography in Rarefied Flows},
year = {1992}
}

@article{Dixon1969,
author = {Czysz, Paul and Dixon, Paul},
journal = {S.P.I.E. Journal},
pages = {77-79},
title = {{Quantitative Heat Transfer Measurement Using Thermographic Phosphors Using Thermographic}},
volume = {7},
year = {1969}
}

@article{Sargent1998,
author = {Sargent, S R and Hedlund, C R and Ligrani, P M},
journal = {Measurement Science and Technology},
pages = {1974-1978},
title = {{An infrared thermography imaging system for convective heat transfer measurements in complex flows}},
volume = {9},
year = {1998}
}

@article{Gerardi2008,
author = {Gerardi, Craig and Buongiorno, Jacopo and Hu, Lin Wen and McKrell, Thomas},
journal = {Proceedings of 2008 ASME Summer Heat Transfer Conference},
title = {{Experimental observation of the dynamic micro- and macro-layer during pool boiling}},
volume = {HT2008, August 10- 14, 2008, Jacksonville, Florida USA},
year = {2008}
}

@article{tartarini2009,
  title={Dropwise cooling: experimental tests by infrared thermography and numerical simulations},
  author={Tartarini, P and Corticelli, MA and Tarozzi, L},
  journal={Applied Thermal Engineering},
  volume={29},
  number={7},
  pages={1391--1397},
  year={2009},
  publisher={Elsevier}
}

@article{girard2010infrared,
  title={Infrared thermography investigation of an evaporating sessile water droplet on heated substrates},
  author={Girard, Fabien and Antoni, MickaeÌˆl and Sefiane, Khellil},
  journal={Langmuir},
  volume={26},
  number={7},
  pages={4576--4580},
  year={2010},
  publisher={ACS Publications}
}

@article{schwabe2003oscillatory,
  title={Oscillatory thermocapillary convection in open cylindrical annuli. Part 1. Experiments under microgravity},
  author={Schwabe, Dietrich and Zebib, Abdelfattah and Sim, Bok-cheol},
  journal={Journal of Fluid Mechanics},
  volume={491},
  pages={239--258},
  year={2003},
  publisher={Cambridge Univ Press}
}

@article{kim2011detection,
  title={Detection of liquid--vapor--solid triple contact line in two-phase heat transfer phenomena using high-speed infrared thermometry},
  author={Kim, Hyungdae and Buongiorno, Jacopo},
  journal={International Journal of Multiphase Flow},
  volume={37},
  number={2},
  pages={166--172},
  year={2011},
  publisher={Elsevier}
}

@article{duan2013synchronized,
  title={Synchronized high-speed video, infrared thermometry, and particle image velocimetry data for validation of interface-tracking simulations of nucleate boiling phenomena},
  author={Duan, X and Phillips, B and McKrell, T and Buongiorno, J},
  journal={Experimental Heat Transfer},
  volume={26},
  number={2-3},
  pages={169--197},
  year={2013},
  publisher={Taylor \& Francis}
}

@article{sielaff2014experimental,
  title={Experimental Investigation of Single Bubbles and Bubble Interactions in Nucleate Boiling},
  journal={Unpublished Doctoral Dissertation},
  volume={TU Darmstadt},
  author={Sielaff, Axel},
  year={2014},
  publisher={TU Darmstadt}
}

@book{choi2011wettability,
  title={Wettability Effects on Heat Transfer},
  author={Choi, Chiwoong and Kim, Moohwan},
  year={2011},
  publisher={INTECH Open Access Publisher}
}

@article{wenzel1936resistance,
  title={Resistance of solid surfaces to wetting by water},
  author={Wenzel, Robert N},
  journal={Industrial \& Engineering Chemistry},
  volume={28},
  number={8},
  pages={988--994},
  year={1936},
  publisher={ACS Publications}
}

@article{cassie1944wettability,
  title={Wettability of porous surfaces},
  author={Cassie, ABD and Baxter, S},
  journal={Transactions of the Faraday Society},
  volume={40},
  pages={546--551},
  year={1944},
  publisher={Royal Society of Chemistry}
}
@article{bhushan2011natural,
  title={Natural and biomimetic artificial surfaces for superhydrophobicity, self-cleaning, low adhesion, and drag reduction},
  author={Bhushan, Bharat and Jung, Yong Chae},
  journal={Progress in Materials Science},
  volume={56},
  number={1},
  pages={1--108},
  year={2011},
  publisher={Elsevier}
}

@article{healy2001validity,
  title={On the validity of the adiabatic spreading assumption in droplet impact cooling},
  author={Healy, WM and Hartley, JG and Abdel-Khalik, SI},
  journal={International Journal of Heat and Mass Transfer},
  volume={44},
  number={20},
  pages={3869--3881},
  year={2001},
  publisher={Elsevier}
}

@article{pasandideh2001cooling,
  title={Cooling effectiveness of a water drop impinging on a hot surface},
  author={Pasandideh-Fard, M and Aziz, SD and Chandra, S and Mostaghimi, J},
  journal={International journal of heat and fluid flow},
  volume={22},
  number={2},
  pages={201--210},
  year={2001},
  publisher={Elsevier}
}

@article{rein1993phenomena,
  title={Phenomena of liquid drop impact on solid and liquid surfaces},
  author={Rein, Martin},
  journal={Fluid Dynamics Research},
  volume={12},
  number={2},
  pages={61},
  year={1993},
  publisher={IOP Publishing}
}

@article{strotos2011non,
  title={Non-dimensionalisation parameters for predicting the cooling effectiveness of droplets impinging on moderate temperature solid surfaces},
  author={Strotos, George and Aleksis, George and Gavaises, Manolis and Nikas, Konstantinos-Stephen and Nikolopoulos, Nikos and Theodorakakos, Andreas},
  journal={International Journal of Thermal Sciences},
  volume={50},
  number={5},
  pages={698--711},
  year={2011},
  publisher={Elsevier}
}

@article{shen2010simultaneous,
  title={Simultaneous droplet impingement dynamics and heat transfer on nano-structured surfaces},
  author={Shen, Jian and Graber, Christof and Liburdy, James and Pence, Deborah and Narayanan, Vinod},
  journal={Experimental Thermal and Fluid Science},
  volume={34},
  number={4},
  pages={496--503},
  year={2010},
  publisher={Elsevier}
}

@article{koch2009superhydrophobic,
  title={Superhydrophobic and superhydrophilic plant surfaces: an inspiration for biomimetic materials},
  author={Koch, Kerstin and Barthlott, Wilhelm},
  journal={Philosophical Transactions of the Royal Society of London A: Mathematical, Physical and Engineering Sciences},
  volume={367},
  number={1893},
  pages={1487--1509},
  year={2009},
  publisher={The Royal Society}
}
@article{moita2007drop,
  title={Drop impacts onto cold and heated rigid surfaces: morphological comparisons, disintegration limits and secondary atomization},
  author={Moita, AS and Moreira, ALN},
  journal={International Journal of Heat and Fluid Flow},
  volume={28},
  number={4},
  pages={735--752},
  year={2007},
  publisher={Elsevier}
}

@article{moita2016dynamics,
  title={Dynamics of Droplets of Biological Fluids on Smooth Superhydrophobic Surfaces under Electrostatic Actuation},
  author={Moita, Ana Sofia and Laur{\^e}ncia, Catarina and Ramos, Joana Anast{\'a}cio and Prazeres, Duarte Miguel Fran{\c{c}}a and Moreira, Ant{\'o}nio Lu{\'\i}s Nobre},
  journal={Journal of Bionic Engineering},
  volume={13},
  number={2},
  pages={220--234},
  year={2016},
  publisher={Elsevier}
}